@Manual{m,
  title = {medicaldata: Data Package for Medical Datasets},
  author = {Peter Higgins},
  year = {2023},
  note = {https://higgi13425.github.io/medicaldata/, https://github.com/higgi13425/medicaldata/}
}



@Article{Mann,
   author = {Molina Manuel},
   month = {6},
   title = {Prueba de la U de Mann-Whitney. Ciencias o letras},
   url = {https://anestesiar.org/2022/prueba-de-la-u-de-mann-whitney-ciencias-o-letras/}
}

@Article{curtosis,
   author = {Francisco Javier Marco Sanju√°n},
   month = {Agosto},
   year = {2020},
   title = {Curtosis},
   url = {https://economipedia.com/definiciones/curtosis.html}
}

@Article{Ab,
   author = {Rania Abdallah and Ursula Galway and Jing You and Andrea Kurz and Daniel I. Sessler and D. John Doyle},
   doi = {10.1213/ANE.0b013e31822cf47d},
   issn = {00032999},
   issue = {5},
   journal = {Anesthesia and Analgesia},
   pages = {1082-1087},
   publisher = {Lippincott Williams and Wilkins},
   title = {A randomized comparison between the pentax aws video laryngoscope and the macintosh laryngoscope in morbidly obese patients},
   volume = {113},
   year = {2011}
}

@Article{Tinker,
   author = {John H Tinker and Jimson C Tse and Eric B Rimm and Ayyaz Hussain and Ffarcs En@},
   title = {ANESTHETIC ACTIONS AND OUTCOMES SECTION EDITOR Predicting Difficult Endotracheal Intubation in Surgical Patients Scheduled for General Anesthesia: A Prospective Blind Study}
}

@Article{Da,
   author = {de Carvalho CC and da Silva DM and Lemos VM and dos Santos TGB and Agra IC and Pinto GM},
   doi = {https://doi.org/10.1111/anae.15626},
   issue = {3},
   journal = {Anaesthesia},
   keywords = {airway management,laryngoscopy,network meta-analysis,systematic review,tracheal intubation},
   pages = {326-338},
   title = {Videolaryngoscopy vs. direct Macintosh laryngoscopy in tracheal intubation in adults: a ranking systematic review and network meta-analysis},
   volume = {77},
   url = {https://associationofanaesthetists-publications.onlinelibrary.wiley.com/doi/abs/10.1111/anae.15626},
   year = {2022}
}

@Article{Fund,
   title = {Fundamentals of Biostatistics},
   year = {2010}
}

@Article{Ro,
   author = {Robert Gentleman and Kurt Hornik and Giovanni Parmigiani},
   title = {Series Editors},
   url = {http://www.springer.com/series/6991}
}

@Article{stat,
   title = {145_stat_-_textbook}
}

@Article{Wayne,
   author = {Chad L. Cross Wayne W. Daniel},
   journal = {Wiley},
   title = {Biostatistics A Foundation for Analysis inthe Health Sciences},
   volume = {Tenth edition.},
   year = {2013}
}


@Article{Ro,
   author = {Robert Gentleman and Kurt Hornik and Giovanni Parmigiani},
   title = {Series Editors},
   url = {http://www.springer.com/series/6991}
}

@Article{Be,
   author = {Rosner Bernard},
   edition = {Seventh Edition},
   publisher = {Cengage Learning},
   title = {Fundamentals of Biostatistics},
   year = {2010}
}
